@article{Jadbabaie2012,
author = "Ali Jadbabaie and Pooya Molavi and Alvaro Sandroni and Alireza Tahbaz-Salehi",
title = "Non-Bayesian social learning",
journal = "Games and Economic Behavior",
pages = "210-225",
year = "2012"
}

@article{DeGroot1974,
author = "DeGroot, Morris H.",
title = "Reaching a consensus",
journal = "Journal of American Statistical Association",
pages = "118-121",
year = "1974"
}